<?xml version="1.0" encoding="UTF-8"?><collection xmlns="http://www.loc.gov/MARC21/slim"><record><leader>00580nam--2200181-i-4500</leader><controlfield tag="001">000033190</controlfield><controlfield tag="002">20161230</controlfield><controlfield tag="005">20161230201039</controlfield><controlfield tag="008">060222s1000------------r-----000-0-eng-d</controlfield><datafield ind1=" " ind2=" " tag="040"><subfield code="a">IFIN-HH</subfield></datafield><datafield ind1=" " ind2=" " tag="080"><subfield code="a">533.95</subfield></datafield><datafield ind1="1" ind2=" " tag="100"><subfield code="a">Mikhailovskii, A.B</subfield></datafield><datafield ind1="1" ind2="0" tag="245"><subfield code="a">Theory of plasma instabilities</subfield><subfield code="b">Vol.2.instabilities of an inhomogeneous plasma. translated from russian by julian b. barbour</subfield><subfield code="c">A.b. mikhailovskii</subfield></datafield><datafield ind1=" " ind2=" " tag="260"><subfield code="a">New York, Consultants Bureau, 1974</subfield></datafield><datafield ind1=" " ind2=" " tag="300"><subfield code="a">XVIII + 314P</subfield></datafield><datafield ind1=" " ind2=" " tag="490"><subfield code="a">Sudies In Soviet Science</subfield></datafield><datafield ind1=" " ind2=" " tag="852"><subfield code="a">79532</subfield><subfield code="c">533.9</subfield></datafield><datafield ind1=" " ind2=" " tag="CAT"><subfield code="a">Sys</subfield><subfield code="c">20101004</subfield><subfield code="h">094100</subfield></datafield></record></collection>